@Book{glslbook,
  author =   {Randi J. Rost},
  ALTeditor =    {},
  title =    {Open{GL} {S}hading {L}anguage},
  publisher =    {Addison Wesley},
address= {Reading, MA},
  year =     {2004},
  OPTkey =   {},
  OPTvolume =    {},
  OPTnumber =    {},
  OPTseries =    {},
  OPTaddress =   {},
  OPTedition =   {},
  OPTmonth =     {},
  OPTnote =      {},
  OPTannote =    {}
}



@inproceedings{harrisgpu,
 author = {Mark J. Harris and William V. Baxter and Thorsten Scheuermann and Anselmo Lastra},
 title = {Simulation Of {C}loud {D}ynamics On {G}raphics {H}ardware},
 booktitle = {{HWWS} '03: Proceedings of the {ACM SIGGRAPH/EUROGRAPHICS} {C}onference on {G}raphics {H}ardware},
 year = {2003},
 pages = {92--101},
  publisher = {Eurographics Association},
 address = {Aire-la-Ville, Switzerland},
 }





@InBook{gpudatastructs,
 author =    {Aaron Lefohn and Joe Kniss and John Owens},
  ALTeditor =    {},
  booktitle =    {{GPU} {G}ems 2: {P}rogramming {T}echniques for {H}igh-{P}erformance {G}raphics and {G}eneral {P}urpose {C}omputation},
  chapter =      {33},
  title = {Implementing {E}fficient {P}arallel {D}ata {S}tructures on {GPU}s},
  publisher =    {Addison-Wesley},
  Address = {Reading, MA},
  year =     {2005},
  OPTkey =   {},
  OPTvolume =    {},
  OPTnumber =    {},
  OPTseries =    {},
  OPTtype =      {},
  OPTaddress =   {},
  OPTedition =   {},
  OPTmonth =     {},
  OPTpages =     {},
  OPTnote =      {},
  OPTannote =    {}
}














@article{purcell,
 author = {Timothy J. Purcell and Ian Buck and William R. Mark and Pat Hanrahan},
 title = {Ray {T}racing On {P}rogrammable {G}raphics {H}ardware},
 journal = {{ACM} {T}ransactions on {G}raphics},
 volume = {21},
 number = {3},
 year = {2002},
 pages = {703--712},
 publisher = {ACM Press},
 address = {New York, NY, USA},
 Note = {{SIGGRAPH} '02}
 }






@InBook{naviergpugems,
  author =   {Mark J. Harris},
  ALTeditor =    {},
  booktitle =    {{GPU} {G}ems: Programming {T}echniques, {T}ips, and {T}ricks for {R}eal-{T}ime {G}raphics},
  chapter =      {38},
title={Fast {F}luid {D}ynamics {S}imulation on the {GPU}},
  publisher =    {Addison-Wesley},
  address={Reading, MA},
  year =     {2004},
  OPTkey =   {},
  OPTvolume =    {},
  OPTnumber =    {},
  OPTseries =    {},
  OPTtype =      {},
  OPTaddress =   {},
  OPTedition =   {},
  OPTmonth =     {},
  OPTpages =     {},
  OPTnote =      {},
  OPTannote =    {}
}




@inproceedings{multipass,
 author = {Mark S. Peercy and Marc Olano and John Airey and P. Jeffrey Ungar},
 title = {Interactive {M}ulti-{P}ass {P}rogrammable {S}hading},
 booktitle = {{SIGGRAPH} '00: Proceedings of the 27th {A}nnual {C}onference On {C}omputer {G}raphics And {I}nteractive {T}echniques},
 year = {2000},
 pages = {425--432},
  publisher = {Addison-Wesley},
 address = {Reading, MA},
 }



@article{shadetrees,
 author = {Robert L. Cook},
 title = {Shade {T}rees},
 journal = {{C}omputer {G}raphics},
 volume = {18},
 number = {3},
 year = {1984},
 pages = {223--231},
 publisher = {ACM Press},
 address = {New York},
 Note={SIGGRAPH '84},
 }





@inproceedings{optimalmesh,
 author = {Hugues Hoppe},
 title = {Optimization of {M}esh {L}ocality For {T}ransparent {V}ertex {C}aching},
 booktitle = {{SIGGRAPH} '99: Proceedings Of The 26th {A}nnual {C}onference On {C}omputer {G}raphics And {I}nteractive {T}echniques},
 year = {1999},
 pages = {269--276},
 publisher = {Addison-Wesley},
 address = {Reading, MA},
 }




@inproceedings{rtsl2001,
 author = {Kekoa Proudfoot and William R. Mark and Svetoslav Tzvetkov and Pat Hanrahan},
 title = {A {R}eal-{T}ime {P}rocedural {S}hading {S}ystem For {P}rogrammable {G}raphics {H}ardware},
 booktitle = {{SIGGRAPH} '01: Proceedings of the 28th {A}nnual {C}onference On {C}omputer {G}raphics And {I}nteractive {T}echniques},
 year = {2001},
 pages = {159--170},
 publisher = {ACM Press},
 address = {New York},
 }



@inproceedings{qsplat,
 author = {Szymon Rusinkiewicz and Marc Levoy},
 title = {{QS}plat: A {M}ultiresolution {P}oint {R}endering {S}ystem For {L}arge {M}eshes},
 booktitle = {{SIGGRAPH} '00: Proceedings of the 27th {A}nnual {C}onference On {C}omputer {G}raphics And {I}nteractive {T}echniques},
 year = {2000},
 pages = {343--352},
 publisher = {Addison-Wesley},
 address = {Reading, MA},
 }



@Article{pointtrees,
  author =   {Carsten Dachsbacher and Christian Vogelgsang and Marc Stamminger},
  title =    {Sequential {P}oint {T}rees},
  journal =      {ACM {T}ransactions on {G}raphics},
  year =     {2003},
  OPTkey =   {},
  volume =   {22},
  number =   {3},
  pages =    {657--662},
  OPTmonth =     {},
  note =     {SIGGRAPH 2003},
  OPTannote =    {}
}


@inproceedings{carr,
 author = {Nathan A. Carr and Jesse D. Hall and John C. Hart},
 title = {The {R}ay {E}ngine},
 booktitle = {{HWWS} '02: {P}roceedings of the {ACM SIGGRAPH/EUROGRAPHICS} {C}onference on {G}raphics {H}ardware},
 year = {2002},
 pages = {37--46},
 publisher = {Eurographics Association},
 address = {Aire-la-Ville, Switzerland},
 }



@inproceedings{radiosity,
 author = {Greg Coombe and Mark J. Harris and Anselmo Lastra},
 title = {Radiosity on {G}raphics {H}ardware},
 booktitle = {{GI} '04: Proceedings of the 2004 {C}onference On {G}raphics {I}nterface},
 year = {2004},
 pages = {161--168},
 publisher = {A K Peters \& Canadian Human-Computer Communications Society },
 address = {Wellesley, MA},
 }




@InProceedings{levelsets,
  author =   {A. E. Lefohn and J. M. Kniss and C. D. Hansen and R. T. Whitaker},
  title =    {Interactive {D}eformation and {V}isualization of {L}evel {S}et {S}urfaces {U}sing {G}raphics {H}ardware},
  OPTcrossref =  {},
  OPTkey =   {},
  booktitle = {{IEEE} {V}isualization},
  pages =    {75--82},
  year =     {2003},
  OPTeditor =    {},
  OPTvolume =    {},
  OPTnumber =    {},
  OPTseries =    {},
  OPTaddress =   {},
  OPTmonth =     {},
  OPTorganization = {},
  publisher = {IEEE Press},
  address = {Los Alamitos, CA},
  OPTnote =      {},
  OPTannote =    {}
}

@Article{brookgpu,
  author =   {Ian Buck and Tim Foley and Daniel Horn and Jeremy Sugerman and Kayvon Fatahalian and Mike Houston and Pat Hanrahan},
  title =    {Brook for {GPU}s: {S}tream {C}omputing On {G}raphics {H}ardware},
  journal =      {{ACM} {T}ransactions on {G}raphics (TOG)},
  year =     {2004},
  OPTkey =   {},
  volume =   {23},
  number =   {3},
  pages =    {777--786},
  OPTmonth =     {},
  note =     {{ACM SIGGRAPH} 2004},
  OPTannote =    {}
}



@inproceedings{pixelflowshading,
 author = {Marc Olano and Anselmo Lastra},
 title = {A {S}hading {L}anguage On {G}raphics {H}ardware: The {P}ixelflow {S}hading {S}ystem},
 booktitle = {{SIGGRAPH} '98: Proceedings of the 25th {A}nnual {C}onference On {C}omputer {G}raphics And {I}nteractive {T}echniques},
 year = {1998},
 pages = {159--168},
 publisher = {ACM Press},
 address = {New York},
 }



@article{pixelflow,
 author = {Steven Molnar and John Eyles and John Poulton},
 title = {PixelFlow: High-{S}peed {R}endering {U}sing {I}mage {C}omposition},
 journal = {{C}omputer {G}raphics},
 volume = {26},
 number = {2},
 year = {1992},
 pages = {231--240},
 publisher = {ACM Press},
 address = {New York},
 Note = {{SIGGRAPH} '92}
 }




@Book{cgtutorial,
  author =   {Randima Fernando and Mark J. Killgard},
  ALTeditor =    {},
  title =    {The {C}g {T}utorial: The {D}efinitive {G}uide to {P}rogrammable {R}eal-{T}ime {G}raphics},
  publisher =    {Addison-Wesley},
  address = {Reading, MA},
  year =     {2003},
  OPTkey =   {},
  OPTvolume =    {},
  OPTnumber =    {},
  OPTseries =    {},
  OPTaddress =   {},
  OPTedition =   {},
  OPTmonth =     {},
  OPTnote =      {},
  OPTannote =    {}
}


@inproceedings{rtprgshading,
 author = {Anselmo Lastra and Steven Molnar and Marc Olano and Yulan Wang},
 title = {Real-{T}ime {P}rogrammable {S}hading},
 booktitle = {{SI3D} '95: Proceedings of the 1995 {S}ymposium On {I}nteractive 3{D} {G}raphics},
 year = {1995},
 pages = {59--66},
 publisher = {ACM Press},
 address = {New York},
 }





@Manual{renderman,
  title =    {The {R}ender{M}an {I}nterface {S}pecification},
  OPTkey =   {},
  author =   {Pixar},
organization = {Pixar},
 address =   {Emeryville, CA},
  OPTedition =   {},
   year =     {2000},
  OPTnote =      {},
  OPTannote =    {}
}

@Book{gpugems,
  ALTauthor =    {},
  editor =   {Randima Fernando},
  title =    {{GPU} {G}ems: Programming {T}echniques, {T}ips, and {T}ricks for {R}eal-{T}ime {G}raphics},
  publisher =    {Addison-Wesley},
  address={Reading, MA},
  year =     {2004},
  OPTkey =   {},
  OPTvolume =    {},
  OPTnumber =    {},
  OPTseries =    {},
  OPTaddress =   {},
  OPTedition =   {},
  OPTmonth =     {},
  OPTnote =      {},
  OPTannote =    {}
}

@Book{gpugems2,
  ALTauthor =    {},
  editor =   {Matt Pharr and Randima Fernando},
  title =    {{GPU} {G}ems 2: Programming {T}echniques for {H}igh-{P}erformance {G}raphics and {G}eneral {P}urpose {C}omputation},
  publisher =    {Addison-Wesley},
  address = {Reading, MA},
  year =     {2005},
  OPTkey =   {},
  OPTvolume =    {},
  OPTnumber =    {},
  OPTseries =    {},
  OPTaddress =   {},
  OPTedition =   {},
  OPTmonth =     {},
  OPTnote =      {},
  OPTannote =    {}
}

@Book{redbook,
  author =   {Shreiner, Dave and Neider, Jackie and Woo, Mason and Davis, Tom},
  ALTeditor =    {},
  title =    {Open{GL} {P}rogramming {G}uide},
  publisher =    {Addison-Wesley},
  address = {Reading, MA},
  year =     {2004},
  OPTkey =   {},
  OPTvolume =    {},
  OPTnumber =    {},
  OPTseries =    {},
  OPTaddress =   {},
  edition =      {Fourth},
  OPTmonth =     {},
  OPTnote =      {},
  OPTannote =    {}
}
